@inproceedings{harris-et-al-2005,
  author       = {Tim Harris and 
                  Simon Marlow and 
                  Simon {Peyton Jones} and 
                  Maurice Herlihy},
  title        = {Composable Memory Transactions},
  date         = {2005},
  eventtitle   = {Principles and Practice of Parallel Programming},
  eventdate    = {2005},
  series       = {PPoPP},
  publisher    = {ACM},
  pages        = {48--60}
}

@inproceedings{harris-peytonjones-2006,
  author       = {Tim Harris and 
                  Simon {Peyton Jones}},
  title        = {Transactional memory with data invariants},
  date         = {2006},
  eventtitle   = {Languages, Compilers, and Hardware Support for Transactional Computing},
  eventdate    = {2006},
  series       = {TRANSACT},
  publisher    = {ACM},
}

@book{marlow-2013,
  author       = {Simon Marlow},
  title        = {Parallel and Concurrent Programming in Haskell},
  publisher    = {O'Reilly Media Inc.},
  year         = {2013}
}

@misc{marlow-2013-async,
  author       = {Simon Marlow},
  title        = {\texttt{async}: Run IO operations asynchronously and wait for their results},
  version      = {2.0.1.5},
  date         = {2013},
  url          = {http://hackage.haskell.org/package/async-2.0.1.5}
}

@misc{yates-2013,
  author       = {Ryan Yates},
  title        = {GHC Commentary: Software Transactional Memory (STM)},
  date         = {2013},
  url          = {http://ghc.haskell.org/trac/ghc/wiki/Commentary/Rts/STM}
}

@misc{robinson-kuklewicz-2012,
  author       = {Peter Robinson and 
                  Chris Kuklewicz},
  title        = {\texttt{stm-io-hooks}: STM with IO hooks},
  version      = {0.7.5},
  date         = {2012},
  url          = {http://hackage.haskell.org/package/stm-io-hooks-0.7.5}
}

@misc{himmelstrup-2014,
  author       = {David Himmelstrup},
  title        = {\texttt{acid-state}: Add ACID guarantees to any serializable Haskell data structure.},
  version      = {0.12.2},
  date         = {2014},
  url          = {http://hackage.haskell.org/package/acid-state-0.12.2}
}

@misc{schroeder-2013,
  author       = {Michael Schröder},
  title        = {\texttt{tx}: Persistent transactions on top of STM.},
  version      = {0.1.0.0},
  date         = {2013},
  url          = {http://hackage.haskell.org/package/tx-0.1.0.0}
}

@misc{schroeder-2014,
  author       = {Michael Schröder},
  title        = {\texttt{ctrie}: Non-blocking concurrent map},
  version      = {0.1.0.2},
  date         = {2014},
  url          = {http://hackage.haskell.org/package/ctrie-0.1.0.2}
}

@misc{schroeder-2015,
  author       = {Michael Schröder},
  title        = {\texttt{ttrie}: Contention-free STM hash map},
  version      = {0.1},
  date         = {2015},
  url          = {http://hackage.haskell.org/package/ttrie-0.1}
}

@misc{loreto-et-al-2011,
  author       = {Salvatore Loreto and 
                  Peter Saint-Andre and 
                  Stefano Salsano and 
                  Greg Wilkins},
  title        = {Known Issues and Best Practices for the Use of Long Polling and Streaming in Bidirectional HTTP},
  date         = {2011},
  note         = {RFC 6202},
}

@misc{kolmodin-et-al-2013,
  author       = {Lennart Kolmodin and 
                  Lemmih and 
                  Bas van Dijk},
  title        = {\texttt{cereal}: A binary serialization library},
  version      = {0.4.0.1},
  date         = {2013},
  url          = {http://hackage.haskell.org/package/cereal-0.4.0.1}
}

@misc{himmelstrup-lessa-2014,
  author       = {David Himmelstrup and 
                  Felipe Lessa},
  title        = {\texttt{safecopy}: Binary serialization with version control.},
  version      = {0.8.3},
  date         = {2014},
  url          = {http://hackage.haskell.org/package/safecopy-0.8.3}
}

@inproceedings{chakravarty-et-al-2005,
  author       = {Manuel M. T. Chakravarty and 
                  Gabriele Keller and 
                  Simon {Peyton Jones} and 
                  Simon Marlow},
  title        = {Associated Types with Class},
  date         = {2005},
  eventtitle   = {Principles of Programming Languages},
  eventdate    = {2005},
  series       = {POPL},
  publisher    = {ACM},
  pages        = {1--13}
}

@techreport{bagwell-2001,
  author       = {Phil Bagwell},
  title        = {Ideal Hash Trees},
  date         = {2001},
  institution  = {EPFL},
  number       = {LAMP-REPORT-2001-001}
}

@techreport{prokopec-et-al-2011,
  author       = {Aleksander Prokopec and 
                  Phil Bagwell and 
                  Martin Odersky},
  title        = {Cache-Aware Lock-Free Concurrent Hash Tries},
  date         = {2011},
  institution  = {EPFL},
  number       = {EPFL-REPORT-166908}
}

@inproceedings{prokopec-et-al-2012,
  author       = {Aleksander Prokopec and 
                  Nathan Grasso Bronson and 
                  Phil Bagwell and 
                  Martin Odersky},
  title        = {Concurrent tries with efficient non-blocking snapshots},
  date         = {2012},
  eventtitle   = {Principles and Practice of Parallel Programming},
  eventdate    = {2012},
  series       = {PPoPP},
  publisher    = {ACM},
  pages        = {151--160}
}

@misc{volkov-2014a,
  author       = {Nikita Volkov},
  title        = {\texttt{stm-containers}: Containers for STM},
  version      = {0.2.3},
  date         = {2014},
  url          = {http://hackage.haskell.org/package/stm-containers-0.2.3}
}

@misc{volkov-2014b,
  author       = {Nikita Volkov},
  title        = {\texttt{criterion-plus}: Enhancement of the \texttt{criterion} benchmarking library},
  version      = {0.1.3},
  date         = {2014},
  url          = {http://hackage.haskell.org/package/criterion-plus-0.1.3}
}

@misc{newton-2014,
  author       = {Ryan Newton},
  title        = {\texttt{atomic-primops}: A safe approach to CAS and other atomic ops in Haskell.},
  version      = {0.6},
  date         = {2014},
  url          = {http://hackage.haskell.org/package/atomic-primops-0.6}
}

@misc{tibell-yang-2014,
  author       = {Johan Tibell and
                  Edward Z. Yang},
  title        = {\texttt{unordered-containers}: Efficient hashing-based container types},
  version      = {0.2.5.0},
  date         = {2014},
  url          = {http://hackage.haskell.org/package/unordered-containers-0.2.5.0}
}

@misc{osullivan-2014,
  author       = {Bryan O'Sullivan},
  title        = {\texttt{criterion}: Robust, reliable performance measurement and analysis},
  version      = {1.0.2.0},
  date         = {2014},
  url          = {http://hackage.haskell.org/package/criterion-1.0.2.0}
}

@misc{leuschner-et-al-2011,
  author       = {David Leuschner and
                  Stefan Wehr and
                  Joachim Breitner},
  title        = {\texttt{stm-stats}: retry statistics for STM transactions},
  version      = {0.2.0.0},
  date         = {2011},
  url          = {http://hackage.haskell.org/package/stm-stats-0.2.0.0}
}

@misc{gill-paterson-2014,
  author       = {Andy Gill and
                  Ross Paterson},
  title        = {\texttt{transformers}: Concrete functor and monad transformers},
  version      = {0.4.0.0},
  date         = {2014},
  url          = {http://hackage.haskell.org/package/stm-stats-0.4.0.0}
}

@mastersthesis{epstein-2011,
  author       = {Jeffrey Epstein},
  school       = {University of Cambridge},
  title        = {Functional programming for the data centre},
  date         = {2011}
}

@phdthesis{bieniusa-2011a,
  author       = {Annette Bieniusa},
  school       = {University of Freiburg},
  title        = {Consistency, Isolation, and Irrevocability in Software Transactional Memory},
  date         = {2011}
}

@misc{bieniusa-2011b,
  author       = {Annette Bieniusa},
  title        = {\texttt{twilight-stm}: STM library with safe irrevocable I/O and inconsistency repair},
  version      = {1.2},
  date         = {2011},
  url          = {http://hackage.haskell.org/package/twilight-stm-1.2}
}

@inproceedings{herlihy-koskinen-2008,
 author = {Herlihy, Maurice and Koskinen, Eric},
 title = {Transactional Boosting: A Methodology for Highly-concurrent Transactional Objects},
 booktitle = {Proceedings of the 13th ACM SIGPLAN Symposium on Principles and Practice of Parallel Programming},
 series = {PPoPP '08},
 year = {2008},
 isbn = {978-1-59593-795-7},
 location = {Salt Lake City, UT, USA},
 pages = {207--216},
 numpages = {10},
 url = {http://doi.acm.org/10.1145/1345206.1345237},
 doi = {10.1145/1345206.1345237},
 acmid = {1345237},
 publisher = {ACM},
 address = {New York, NY, USA},
 keywords = {abstract locks, commutativity, non-blocking algorithms, transactional boosting, transactional memory},
} 

@incollection{du-bois-et-al-2014,
author={Du Bois, André Rauber and Pilla, Maurício Lima and Duarte, Rodrigo},
title={Transactional Boosting for Haskell},
year={2014},
isbn={978-3-319-11862-8},
booktitle={Programming Languages},
volume={8771},
series={Lecture Notes in Computer Science},
editor={Quintão Pereira, Fernando Magno},
doi={10.1007/978-3-319-11863-5_11},
url={http://dx.doi.org/10.1007/978-3-319-11863-5_11},
publisher={Springer International Publishing},
pages={145-159}
}

@incollection{du-bois-2011,
year={2011},
isbn={978-3-642-22044-9},
booktitle={Software Composition},
volume={6708},
series={Lecture Notes in Computer Science},
editor={Apel, Sven and Jackson, Ethan},
doi={10.1007/978-3-642-22045-6_3},
title={An Implementation of Composable Memory Transactions in Haskell},
url={http://dx.doi.org/10.1007/978-3-642-22045-6_3},
publisher={Springer Berlin Heidelberg},
author={Du Bois, André Rauber},
pages={34-50},
language={English}
}

@inproceedings{orchard-petricek-2014,
 author = {Orchard, Dominic and Petricek, Tomas},
 title = {Embedding Effect Systems in Haskell},
 booktitle = {Proceedings of the 2014 ACM SIGPLAN Symposium on Haskell},
 series = {Haskell '14},
 year = {2014},
 isbn = {978-1-4503-3041-1},
 location = {Gothenburg, Sweden},
 pages = {13--24},
 numpages = {12},
 url = {http://doi.acm.org/10.1145/2633357.2633368},
 doi = {10.1145/2633357.2633368},
 acmid = {2633368},
 publisher = {ACM},
 address = {New York, NY, USA},
 keywords = {effect systems, parametric effect monads, type systems},
} 

@misc{kupke-2010,
  author       = {Frank Kupke},
  title        = {\texttt{DSTM}: A framework for using STM within distributed systems},
  version      = {0.1.2},
  date         = {2010},
  url          = {http://hackage.haskell.org/package/DSTM-0.1.2}
}

@misc{coutts-et-al-2015,
  author       = {Duncan Coutts and
                  Nicolas Wu and
                  Edsko de Vries},
  title        = {\texttt{distributed-process}: Cloud Haskell: Erlang-style concurrency in Haskell},
  version      = {0.5.5},
  date         = {2015},
  url          = {http://hackage.haskell.org/package/distributed-process-0.5.5}
}

@inproceedings{welc-et-al-2008,
 author = {Welc, Adam and Saha, Bratin and Adl-Tabatabai, Ali-Reza},
 title = {Irrevocable Transactions and Their Applications},
 booktitle = {Proceedings of the Twentieth Annual Symposium on Parallelism in Algorithms and Architectures},
 series = {SPAA '08},
 year = {2008},
 isbn = {978-1-59593-973-9},
 location = {Munich, Germany},
 pages = {285--296},
 numpages = {12},
 url = {http://doi.acm.org/10.1145/1378533.1378584},
 doi = {10.1145/1378533.1378584},
 acmid = {1378584},
 publisher = {ACM},
 address = {New York, NY, USA},
 keywords = {concurrent programming, performance, software transactional memory, virtual machines},
}

@inproceedings{spear-et-al-2008,
  author  = {Spear, Michael F. and Michael, Maged and Scott, Michael L.},
  title   = {Inevitability Mechanisms for Software Transactional Memory},
  booktitle = {TRANSACT~'08: 3rd Workshop on Transactional Computing},
  pdf   = {http://www.cs.rochester.edu/u/scott/papers/2008_TRANSACT_inevitability.pdf},
  year    = {2008},
  month   = {feb},
}

@inproceedings{olszewski-et-al-2007,
    author = {Marek Olszewski and Jeremy Cutler and J. Gregory Steffan},
    title = {JudoSTM: A Dynamic Binary-Rewriting Approach to Software Transactional Memory},
    booktitle = {In PACT ’07: Proc. of the 16th Intl. Conf. on Parallel Architecture and Compilation Techniques (PACT 2007), Brasov},
    year = {2007}
}

@article{harris-2005,
 author = {Harris, Tim},
 title = {Exceptions and Side-effects in Atomic Blocks},
 journal = {Sci. Comput. Program.},
 issue_date = {December 2005},
 volume = {58},
 number = {3},
 month = dec,
 year = {2005},
 issn = {0167-6423},
 pages = {325--343},
 numpages = {19},
 url = {http://dx.doi.org/10.1016/j.scico.2005.03.005},
 doi = {10.1016/j.scico.2005.03.005},
 acmid = {1127041},
 publisher = {Elsevier North-Holland, Inc.},
 address = {Amsterdam, The Netherlands, The Netherlands},
 keywords = {atomic blocks, exceptions, non-blocking synchronization, software transactional memory},
} 

@inproceedings{sonmez-et-al-2007,
    author = {Nehir Sonmez and Cristian Perfumo and Srdjan Stipic and Adrian Cristal and Osman S. Unsal and Mateo Valero},
    title = {UnreadTVar: Extending Haskell Software Transactional Memory for Performance},
    booktitle = {in Eighth Symposium on Trends in Functional Programming (TFP 2007},
    year = {2007}
}

@inproceedings{volos-et-al-2009,
 author = {Volos, Haris and Tack, Andres Jaan and Goyal, Neelam and Swift, Michael M. and Welc, Adam},
 title = {xCalls: Safe I/O in Memory Transactions},
 booktitle = {Proceedings of the 4th ACM European Conference on Computer Systems},
 series = {EuroSys '09},
 year = {2009},
 isbn = {978-1-60558-482-9},
 location = {Nuremberg, Germany},
 pages = {247--260},
 numpages = {14},
 url = {http://doi.acm.org/10.1145/1519065.1519093},
 doi = {10.1145/1519065.1519093},
 acmid = {1519093},
 publisher = {ACM},
 address = {New York, NY, USA},
 keywords = {I/O, concurrent programming, system calls, transactional memory, xCalls},
}
